<record><leader>00000cas a22000007a 4500</leader><controlfield tag="001">13572164</controlfield><controlfield tag="008">860515d18851885wiuwr ne      0    0eng d</controlfield><datafield ind1=" " ind2=" " tag="010"><subfield code="a">sn 86086476 </subfield></datafield><datafield ind1=" " ind2=" " tag="040"><subfield code="a">NPV</subfield><subfield code="b">eng</subfield><subfield code="c">NPV</subfield><subfield code="d">OCLCQ</subfield></datafield><datafield ind1=" " ind2=" " tag="042"><subfield code="a">msc</subfield></datafield><datafield ind1=" " ind2=" " tag="045"><subfield code="a">w8w8</subfield></datafield><datafield ind1=" " ind2=" " tag="052"><subfield code="a">4123</subfield><subfield code="b">M7</subfield></datafield><datafield ind1="0" ind2="4" tag="245"><subfield code="a">The Democrat enterprise.</subfield></datafield><datafield ind1="1" ind2="3" tag="246"><subfield code="a">Enterprise</subfield></datafield><datafield ind1=" " ind2=" " tag="260"><subfield code="a">Sparta, Wis. :</subfield><subfield code="b">B.W. Perry,</subfield><subfield code="c">1885-1885.</subfield></datafield><datafield ind1=" " ind2=" " tag="300"><subfield code="a">1 v.</subfield></datafield><datafield ind1=" " ind2=" " tag="310"><subfield code="a">Weekly</subfield></datafield><datafield ind1="0" ind2=" " tag="362"><subfield code="a">Vol. 14, no. 6 (Jan. 24, 1885)-v. 14, no. 48 (Nov. 14, 1885).</subfield></datafield><datafield ind1=" " ind2=" " tag="500"><subfield code="a">Editors: B.W. Perry, Jan. 24-Oct. 3, 1885; B.E. McCoy, Oct. 10-Nov. 14, 1885.</subfield></datafield><datafield ind1=" " ind2=" " tag="530"><subfield code="a">Available on microfilm from The State Historical Society of Wisconsin.</subfield></datafield><datafield ind1=" " ind2=" " tag="580"><subfield code="a">Continues: Enterprise (Sparta, Wis.)?</subfield></datafield><datafield ind1=" " ind2=" " tag="752"><subfield code="a">United States</subfield><subfield code="b">Wisconsin</subfield><subfield code="c">Monroe</subfield><subfield code="d">Sparta.</subfield></datafield><datafield ind1="1" ind2="0" tag="780"><subfield code="t">Enterprise (Sparta, Wis.)</subfield><subfield code="w">(DLC)sn 86086475</subfield></datafield><datafield ind1="0" ind2="0" tag="785"><subfield code="t">Sparta democrat (Sparta, Wis. : 1885)</subfield><subfield code="w">(DLC)sn 86086477</subfield></datafield><datafield ind1="1" ind2=" " tag="029"><subfield code="a">AU@</subfield><subfield code="b">000025829678</subfield></datafield></record>